%% This BibTeX bibliography file was created using BibDesk.
%% http://bibdesk.sourceforge.net/


%% Created for Shah, Akhil at 2015-04-24 09:52:56 -0700 


%% Saved with string encoding Unicode (UTF-8) 



@inproceedings{grabbe2013similar,
	Author = {Grabbe, Shon and Sridhar, Banavar and Mukherjee, Avijit},
	Booktitle = {AIAA Aviation Technology, Integration, and Operations (ATIO) Conference},
	Date-Added = {2015-04-24 04:55:18 +0000},
	Date-Modified = {2015-04-24 04:55:18 +0000},
	Title = {Similar Days in the NAS: an Airport Perspective},
	Year = {2013}}

@misc{grabbe2014clustering,
	Author = {Grabbe, Shon and Sridhar, Banavar and Mukherjee, Avijit},
	Date-Added = {2015-04-24 04:51:43 +0000},
	Date-Modified = {2015-04-24 04:51:43 +0000},
	Publisher = {AIAA},
	Title = {Clustering Days with Similar Airport Weather Conditions},
	Year = {2014}}

@article{buxi2011generating,
	Author = {Buxi, Gurkaran and Hansen, Mark},
	Date-Added = {2015-04-24 04:48:48 +0000},
	Date-Modified = {2015-04-24 04:48:48 +0000},
	Journal = {Berlin, Germany},
	Title = {Generating probabilistic capacity profiles from weather forecast: a design-of-experiment approach},
	Year = {2011}}

@inproceedings{wolfe2011method,
	Author = {Wolfe, Shawn R and Rios, Joseph L},
	Booktitle = {Proc. of AIAA Guidance, Navigation, and Control Conference},
	Date-Added = {2015-04-24 04:41:39 +0000},
	Date-Modified = {2015-04-24 04:41:39 +0000},
	Title = {A method for using historical Ground Delay Programs to inform day-of-operations programs},
	Year = {2011}}

@article{hoffman2001acluster,
	Author = {Hoffman, Bob and Krozel, Jimmy and Penny, Steve and Roy, Anindya and Roth, Karlin},
	Date-Added = {2015-04-24 04:34:37 +0000},
	Date-Modified = {2015-04-24 04:34:37 +0000},
	Journal = {traffic},
	Pages = {11},
	Title = {ACluster ANALYSIS TO CLASSIFY DAYS IN THE NATIONAL AIRSPACE SYSTEM},
	Volume = {9},
	Year = {2001}}

@article{mukherjeepredicting,
	Author = {Mukherjee, Avijit and Grabbe, Shon and Sridhar, Banavar},
	Date-Added = {2015-04-24 04:26:21 +0000},
	Date-Modified = {2015-04-24 04:26:21 +0000},
	Title = {Predicting Ground Delay Program At An Airport Based On Meteorological Conditions}}

@article{guyon2003introduction,
	Author = {Guyon, Isabelle and Elisseeff, Andr{\'e}},
	Date-Added = {2015-04-08 03:28:19 +0000},
	Date-Modified = {2015-04-08 03:28:19 +0000},
	Journal = {The Journal of Machine Learning Research},
	Pages = {1157--1182},
	Publisher = {JMLR. org},
	Title = {An introduction to variable and feature selection},
	Volume = {3},
	Year = {2003}}

@article{scikit-learn,
	Author = {Pedregosa, F. and Varoquaux, G. and Gramfort, A. and Michel, V. and Thirion, B. and Grisel, O. and Blondel, M. and Prettenhofer, P. and Weiss, R. and Dubourg, V. and Vanderplas, J. and Passos, A. and Cournapeau, D. and Brucher, M. and Perrot, M. and Duchesnay, E.},
	Date-Added = {2015-04-07 22:24:02 +0000},
	Date-Modified = {2015-04-07 22:24:02 +0000},
	Journal = {Journal of Machine Learning Research},
	Pages = {2825--2830},
	Title = {Scikit-learn: Machine Learning in {P}ython},
	Volume = {12},
	Year = {2011}}

@book{murphy,
	Address = {Cambridge, MA},
	Author = {Kevin P Murphy},
	Date-Added = {2015-04-06 23:08:24 +0000},
	Date-Modified = {2015-04-06 23:08:41 +0000},
	Title = {Machine learning: a probabilistic perspective},
	Year = 2012}

@book{Boyd:2004:CO:993483,
	Address = {New York, NY, USA},
	Author = {Boyd, Stephen and Vandenberghe, Lieven},
	Date-Added = {2015-04-06 22:40:06 +0000},
	Date-Modified = {2015-04-06 22:40:06 +0000},
	Isbn = {0521833787},
	Publisher = {Cambridge University Press},
	Title = {Convex Optimization},
	Year = {2004}}

@book{lange1999numerical,
	Author = {Lange, K.},
	Date-Added = {2015-04-06 22:36:46 +0000},
	Date-Modified = {2015-04-06 22:36:46 +0000},
	Isbn = {9780387949796},
	Lccn = {98016688},
	Publisher = {Springer},
	Series = {Statistics and computing},
	Title = {Numerical Analysis for Statisticians},
	Url = {http://books.google.com/books?id=5fI-aDnhhOYC},
	Year = {1999},
	Bdsk-Url-1 = {http://books.google.com/books?id=5fI-aDnhhOYC}}

@inproceedings{ester1996density,
	Author = {Ester, Martin and Kriegel, Hans-Peter and Sander, J{\"o}rg and Xu, Xiaowei},
	Booktitle = {Kdd},
	Date-Added = {2015-04-06 19:30:35 +0000},
	Date-Modified = {2015-04-06 19:30:35 +0000},
	Number = {34},
	Pages = {226--231},
	Title = {A density-based algorithm for discovering clusters in large spatial databases with noise.},
	Volume = {96},
	Year = {1996}}

@article{orfanidis2007svd,
	Author = {Orfanidis, S},
	Date-Added = {2015-03-26 22:55:46 +0000},
	Date-Modified = {2015-03-26 22:55:46 +0000},
	Journal = {Rutgers University Electrical and Computer Engineering Department, Optimum Signal Processing},
	Pages = {1--77},
	Title = {SVD, PCA, KLT, CCA, and All That},
	Year = {2007}}

@inproceedings{cai2010unsupervised,
	Author = {Cai, Deng and Zhang, Chiyuan and He, Xiaofei},
	Booktitle = {Proceedings of the 16th ACM SIGKDD international conference on Knowledge discovery and data mining},
	Date-Added = {2014-11-25 17:54:02 +0000},
	Date-Modified = {2014-11-25 17:54:02 +0000},
	Organization = {ACM},
	Pages = {333--342},
	Title = {Unsupervised feature selection for multi-cluster data},
	Year = {2010}}

@inproceedings{Roth04featureselection,
	Author = {Volker Roth and Tilman Lange},
	Booktitle = {In Advances in Neural Information Processing Systems 16},
	Date-Added = {2014-11-25 17:50:55 +0000},
	Date-Modified = {2014-11-25 17:50:55 +0000},
	Publisher = {MIT Press},
	Title = {Feature selection in clustering problems},
	Year = {2004}}

@inproceedings{Steinbach:2003:DCI:956750.956801,
	Acmid = {956801},
	Address = {New York, NY, USA},
	Author = {Steinbach, Michael and Tan, Pang-Ning and Kumar, Vipin and Klooster, Steven and Potter, Christopher},
	Booktitle = {Proceedings of the Ninth ACM SIGKDD International Conference on Knowledge Discovery and Data Mining},
	Date-Added = {2014-10-13 19:07:43 +0000},
	Date-Modified = {2014-10-13 19:07:43 +0000},
	Doi = {10.1145/956750.956801},
	Isbn = {1-58113-737-0},
	Keywords = {clustering, earth science data, mining scientific data, singular value decomposition, time series},
	Location = {Washington, D.C.},
	Numpages = {10},
	Pages = {446--455},
	Publisher = {ACM},
	Series = {KDD '03},
	Title = {Discovery of Climate Indices Using Clustering},
	Url = {http://doi.acm.org/10.1145/956750.956801},
	Year = {2003},
	Bdsk-Url-1 = {http://doi.acm.org/10.1145/956750.956801},
	Bdsk-Url-2 = {http://dx.doi.org/10.1145/956750.956801}}
